@inproceedings{Quercia:2012:TGC:2145204.2145347,
 author = {Quercia, Daniele and Ellis, Jonathan and Capra, Licia and Crowcroft, Jon},
 title = {Tracking "Gross Community Happiness" from Tweets},
 booktitle = {Proceedings of the ACM Conference on Computer Supported Cooperative Work},
 year = {2012},
} 

@article{Mackerron12,
 author = "George MacKerron",
 year = "2012",
 title = "Happiness economics from 35,000 feet",
 journal = "Journal of Economic Surveys",
 volume = "26",
 number = "4",
}

@inproceedings{Hecht:2011:TJB:1978942.1978976,
 author = {Hecht, Brent and Hong, Lichan and Suh, Bongwon and Chi, Ed H.},
 title = {Tweets from {Justin Bieber}'s Heart: The Dynamics of the Location Field in User Profiles},
 booktitle = {Proceedings of the SIGCHI Conference on Human Factors in Computing Systems},
 year = {2011},
} 

@inproceedings{Culotta:2014:ECH:2611105.2557139,
 author = {Culotta, Aron},
 title = {Estimating County Health Statistics with Twitter},
 booktitle = {Proceedings of the Annual ACM Conference on Human Factors in Computing Systems},
 year = {2014},
} 

@inproceedings{Schwartz:2013:Tweets,
 author = {H. Andrew Schwartz and Johannes Eichstaedt and Richard Lucas and Lukasz Dziurzynski and Margaret L Kern and Gregory Park and Megha Agrawa and Shrinidhi K. Lakshmikanth and Shneha Jha and Martin Seligman and Lyle Ungar},
 title = {Characterizing Geographic Variation in Well-Being using Tweets},
 booktitle = {Proceedings of the International {AAAI} Conference on Weblogs and Social Media},
 year = {2013},
} 

@article{Diener:2000:Well-Being,
 author = {Diener, E.},
 title = {Subjective well-being: The science of happiness and a proposal for a national index},
 journal = {American Psychologist},
 year = {2000},
 volume = "55", 
 issue = "1",
} 

@inproceedings{Smith:2010:Tweets,
 author = {Brendan O’Connor and Ramnath Balasubramanyan and Bryan R. Routledge and Noah A. Smith},
 title = {From {Tweets} to polls: Linking text sentiment to public opinion time series},
 booktitle = {Proceedings of the International {AAAI} Conference on Weblogs and Social Media},
 year = {2010},
} 

@inproceedings{Quercia:2013:UCG:2487788.2488000,
 author = {Quercia, Daniele},
 title = {Urban: Crowdsourcing for the Good of {London}},
 booktitle = {Proceedings of the International Conference on World Wide Web Companion},
 year = {2013},
} 

@inproceedings{Eisenstein:2011:DSA:2002472.2002641,
 author = {Eisenstein, Jacob and Smith, Noah A. and Xing, Eric P.},
 title = {Discovering Sociolinguistic Associations with Structured Sparsity},
 booktitle = {Proceedings of the Annual Meeting of the Association for Computational Linguistics},
 year = {2011},
} 

@inproceedings{Paul:2011:Tweets,
 author = {Michael Paul and Mark Dredze},
 title = {You Are What You Tweet : Analyzing {Twitter} for Public Health},
 booktitle = {Proceedings of the International {AAAI} Conference on Weblogs and Social Media},
 year = {2011},
} 

@article{Gopinath:2014:Tweets,
 author = {Shyam Gopinath and Jacquelyn S. Thomas and Lakshman Krishnamurthi},
 title = {Investigating the relationship between the content of online word of mouth, advertising, and brand performance},
 journal = {Marketing Science},
 year = {2014},
 volume = 33, 
 issue = 2,
} 

@article{Mocanu:2013:Tweets,
 author = {D. Mocanu and A. Baronchelli and N. Perra and B. Gonçalves and A. Vespignani},
 title = {The {Twitter of Babel}: Mapping World Languages through Microblogging Platforms},
 journal = {PLoS One},
 year = {2013},
 volume = "8", 
 issue = "E61981",
} 

@article{Dodds:2011:Tweets,
 author = {Dodds, P. S. and Harris, K. D. and Kloumann, I. M. and Bliss, C. A. and Danforth, C. M.},
 title = {Temporal patterns of happiness and information in a global social network: Hedonometrics and {Twitter}},
 journal = {PLoS One},
 year = {2011},
 volume = "6", 
 issue = "12",
} 

@article{Mitchell:2013:Tweets,
 title = "The Geography of Happiness: Connecting {Twitter} sentiment and expression, demographics, and objective characteristics of place",
 author = "L. Mitchell and K. D. Harris and M. R. Frank and P. S. Dodds and C. M. Danforth",
 year = "2013",
 journal = {PLoS One},
 volume = "8", 
 issue = "5",
} 

@article{Frank:2013:Tweets,
title = "Happiness and the Patterns of Life: A Study of Geolocated Tweets",
author = "M. R. Frank and L. Mitchell and P. S. Dodds and C. M. Danforth",
year = "2013",
journal = "Scientific Reports",
volume ="3",
number = "2625",
}

@article{Bertrand:2013:Tweets,
 author = {K.Z. Bertrand and M. Bialik and K. Virdee and Andreas Gros and Y. Bar-Yam},
 title = {Sentiment in {New York} City: A High Resolution Spatial and Temporal View},
 journal = {arXiv},
 year = {2013},
 volume = "1308.5010", 
} 

@inproceedings{Adnan:2013:Tweets,
 author = {Adnan, M. and Lansley, G. and Longley, P. A.},
 title = {A geodemographic analysis of the ethnicity and identity of {Twitter} users in Greater {London}},
 booktitle = {Proceedings of the {GIS} Research {UK} Conference},
 year = {2013},
} 

@techreport{Bradley1999ANEW,
 author = "Bradley, M. M. and Lang, P. J.",
 year = "1999",
 title = "{Affective Norms for English Words (ANEW)}: Instruction manual and affective ratings",
 institution = "Center for Research in Psychophysiology, University of Florida",
 number = "",
}

@article{Dodds:2010:Lyrics,
 author = {Peter Sheridan Dodds and Christopher M. Danforth},
 title = {Measuring the Happiness of Large-Scale Written Expression: Songs, Blogs, and Presidents},
 journal = {Journal of Happiness Studies},
 year = {2010},
 volume = "11",
 number = "1", 
} 

@article{elasticNet,
 author = {Zou, H. and Hastie, T.},
 title = {Regularization and variable selection via the elastic net},
 journal = {Journal of the Royal Statistical Society: Series B (Statistical Methodology)},
 year = {2005},
 volume = "67",
 number = "2", 
} 

@article{elasticNet2,
 author = {Jerome H. Friedman and Trevor Hastie and Rob Tibshirani},
 title = {Regularization Paths for Generalized Linear Models via Coordinate Descent},
 journal = {Journal of Statistical Software},
 year = {2010},
 volume = "33",
 number = "1", 
} 

@article{ANEWPT,
 author = {Soares A.P.  and Comesaña M. and Pinheiro A. P.  and Simões A. and Frade C. S.},
 title = {The adaptation of the {Affective Norms for English Words (ANEW)} for {European Portuguese}},
 journal = {Behavior Research Methods},
 year = {2012},
 volume = "44",
 number = "1", 
} 

@article{ANEWES,
 author = {Jaime Redondo and Isabel Fraga and Isabel Padrón and Montserrat Comesaña},
 title = {The Spanish adaptation of {ANEW}},
 journal = {Behavior Research Methods},
 year = {2007},
 volume = "39",
 number = "3", 
}

@article{Lazer14Science,
 journal = "Science",
 year = "2014",
 volume = "343",
 number = "6176",
 title = "The Parable of Google Flu: Traps in Big Data Analysis",
 author = "David Lazer and Ryan Kennedy and Gary King and Alessandro Vespignani",
}

@article{Daniel14Meta,
 title = "A Meta-Analysis of State-of-the-Art Electoral Prediction From Twitter Data",
 author = "Daniel Gayo-Avello",
 journal = "Social Science Computer Review",
 volume = "31",
 number = "6",
 year = "2014",
}

@inproceedings{Regan2012,
 author = "Regan, J. and Irvine, J. and Lepanto, J. and Young, M.",
 year = "2012",
 title = "Deriving economic and social indicators from imagery",
 booktitle = "Proceedings of the IEEE Applied Imagery Pattern Recognition Workshop",
}

@inproceedings{word2vec,
 author = "Tomas Mikolov and Kai Chen and Greg Corrado and Jeffrey Dean",
 title = "Efficient Estimation of Word Representations in Vector Space",
 booktitle = "Proceedings of the Workshop at the International Conference on Learning Representations",
 year = "2013",
}

@article{Meyer2001,
 author = {Meyer, G. and Finn, S. and Eyde, L. and Kay, G. and Moreland, K. and Dies, R. and Eisman, E. and Kubiszyn, T. and Read, G.},
 title = {Psychological testing and psychological assessment: A review of evidence and issues},
 journal = {American psychologist},
 year = {2001},
 volume = "56",
 number = "2", 
}